% Optional fields: author, title, howpublished, month, year, note
@MISC{Rust,
	author = {The Rust Core Team},
	title = {Announcing Rust 1.0},
	howpublished = {http://blog.rust-lang.org/2015/05/15/Rust-1.0.html},
	month = {May},
	year = {2015}
}

% Optional fields: author, title, howpublished, month, year, note
@MISC{Iron,
	author = {Johnathan Reem},
	title = {Iron},
	howpublished = {https://github.com/iron/iron}
}