@BOOK{LaTeX,
    AUTHOR = {Lamport, Leslie},
    TITLE = {LaTeX: A Document Preparation System},
    PUBLISHER = {Addison Wesley},
    YEAR = {1986},
    EDITION = {1}
}