@ARTICLE{Chomsky,
    author = {Noam, Chomsky},
    title = {Three Models For The Description Of Language},
    journal = {Transactions on Information Theory},
    year = {1956},
    month = {9},
    pages = {12}
}