@ONLINE{Rust,
    AUTHOR = {{The Rust Core Team}},
    TITLE = {Announcing Rust 1.0},
    date = {2015-05-15},
    URL = {http://blog.rust-lang.org/2015/05/15/Rust-1.0.html},
    URLDATE = {2015-10-25}  
}

@ONLINE{Iron,
    TITLE = {Iron},
    URL = {https://github.com/iron/iron},
    URLDATE = {2015-10-25}
}