@ONLINE{semver,
    URL = {http://semver.org/},
    AUTHOR = {Tom Preston-Werner},
    TITLE = {Semantic Versioning 2.0.0},
    URLDATE = {2016-03-26}
}